@Article{1,
  title = {Restructuring and serving web-accessible streamflow data from the NOAA National Water Model historic simulations},
  author = {JM Johnson and DL Blodgett and KC Clarke and J Pollak},
  journal = {Scientific Data},
  number = {10 (1), 725},
  cites = {0},
  year = {2023},
  pubid = {CHSYGLWDkRkC},
}

@Article{2,
  title = {Social vulnerability of the people exposed to wildfires in US West Coast states},
  author = {AM Rad and JT Abatzoglou and E Fleishman and MH Mockrin and VC Radeloff and Y Pourmohamad and M Cattau and JM Johnson and P Higuera and NJ Nauslar and M Sadegh},
  journal = {Science advances},
  number = {9 (38), eadh4615},
  cites = {0},
  year = {2023},
  pubid = {xtRiw3GOFMkC},
}

@Article{3,
  title = {Generating a reference flow network with improved connectivity to support durable data integration and reproducibility in the coterminous US},
  author = {D Blodgett and JM Johnson and B Andy},
  journal = {Environmental Modelling & Software},
  cites = {1},
  year = {2023},
  cid = {6876527449645765685},
  pubid = {pyW8ca7W8N0C},
}

@Article{4,
  title = {The symmetry and asymmetry of pedestrian route choice},
  author = {DR Montello and RC Davis and JM Johnson and ER Chrastil},
  journal = {Journal of Environmental Psychology},
  number = {102004},
  cites = {1},
  year = {2023},
  cid = {13623944023581122258},
  pubid = {a0OBvERweLwC},
}

@Article{5,
  title = {Hydrologic Modeling and River Corridor Applications of HY_Features Concepts},
  author = {DL Blodgett and JM Johnson},
  journal = {OGC Public Engineering Report},
  cites = {1},
  year = {2023},
  cid = {16633925212747781119},
  pubid = {cFHS6HbyZ2cC},
}

@Article{6,
  title = {Urban Flood Modeling: Uncertainty Quantification and Physics‐Informed Gaussian Processes Regression Forecasting},
  author = {AH Kohanpur and S Saksena and S Dey and JM Johnson and MS Riasi and L Yeghiazarian and {...}},
  journal = {Water Resources Research},
  number = {59 (3), e2022WR033939},
  cites = {1},
  year = {2023},
  cid = {2681453808682172157},
  pubid = {yD5IFk8b50cC},
}

@Article{7,
  title = {Knowledge graphs to support real-time flood impact evaluation},
  author = {JM Johnson and T Narock and J Singh-Mohudpur and D Fils and K Clarke and S Saksena and {...}},
  journal = {AI Magazine},
  number = {43 (1), 40-45},
  cites = {10},
  year = {2022},
  cid = {12050587832005631103},
  pubid = {pqnbT2bcN3wC},
}

@Article{8,
  title = {An area preserving method for improved categorical raster resampling},
  author = {JM Johnson and KC Clarke},
  journal = {Cartography and Geographic Information Science},
  number = {48 (4), 292-304},
  cites = {8},
  year = {2021},
  cid = {6145650370395891466},
  pubid = {YFjsv_pBGBYC},
}

@Article{9,
  title = {Calibrating SLEUTH with big data: Projecting California's land use to 2100},
  author = {KC Clarke and JM Johnson},
  journal = {Computers, Environment and Urban Systems},
  number = {83, 101525},
  cites = {28},
  year = {2020},
  cid = {9862354193067430305},
  pubid = {ZeXyd9-uunAC},
}

@Article{10,
  title = {Simulating small-scale agricultural adaptation decisions in response to drought risk: an empirical agent-based model for semi-arid Kenya},
  author = {M Wens and TIE Veldkamp and M Mwangi and JM Johnson and R Lasage and T Haer and {...}},
  journal = {Frontiers in water},
  number = {2, 15},
  cites = {23},
  year = {2020},
  cid = {2284921319192610617},
  pubid = {L8Ckcad2t8MC},
}

@Article{11,
  title = {Mainstems: A logical data model implementing mainstem and drainage basin feature types based on WaterML2 Part 3: HY Features concepts},
  author = {D Blodgett and JM Johnson and M Sondheim and M Wieczorek and N Frazier},
  journal = {Environmental Modelling & Software},
  number = {135, 104927},
  cites = {8},
  year = {2020},
  cid = {10044178735020095027},
  pubid = {mB3voiENLucC},
}

@Article{12,
  title = {Contemporary American cartographic research: A review and prospective},
  author = {KC Clarke and JM Johnson and T Trainor},
  journal = {Cartography and Geographic Information Science},
  number = {46 (3), 196-209},
  cites = {35},
  year = {2019},
  cid = {8510702696716726913},
  pubid = {hqOjcs7Dif8C},
}

@Article{13,
  title = {Integrating human behavior dynamics into drought risk assessment—A sociohydrologic, agent‐based approach},
  author = {JM Johnson and M Wens and C Zagaria and TIE Veldkamp},
  journal = {Wiley Interdisciplinary Reviews: Water, e},
  number = {e1345},
  cites = {49},
  year = {2019},
  cid = {17781195473351886709,8231114443808669595},
  pubid = {5nxA0vEk-isC},
}

@Article{14,
  title = {An Integrated Evaluation of the National Water Model (NWM) Height Above Nearest Drainage (HAND) Flood Mapping Methodology},
  author = {JM Johnson and D Munasinghe and D Eyelade and S Cohen},
  journal = {Natural Hazards and Earth System Sciences (NHESS)},
  cites = {74},
  year = {2019},
  cid = {2650001253719356492},
  pubid = {4TOpqqG69KYC},
}

@Article{15,
  title = {Infiltration on sloping terrain and its role on runoff generation and slope stability},
  author = {HA Lo{\a'a}iciga and JM Johnson},
  journal = {Journal of Hydrology},
  number = {561, 584-597},
  cites = {14},
  year = {2018},
  cid = {3446633968802456013},
  pubid = {u-x6o8ySG0sC},
}

@Article{16,
  title = {Challenges and Opportunities for Creating Intelligent Hazard Alerts: The “FloodHippo” Prototype},
  author = {JM Johnson and JM Coll and PJ Ruess and JT Hastings},
  journal = {JAWRA Journal of the American Water Resources Association},
  cites = {10},
  year = {2018},
  cid = {7357369639045715543},
  pubid = {IjCSPb-OGe4C},
}

@Article{17,
  title = {nhdplusTools: Tools for Accessing and Working with the NHDPlus},
  author = {D Blodgett and J Johnson},
  journal = {Avaiable from https://code. usgs. gov/water/nhdplusTools},
  cites = {12},
  year = {2018},
  cid = {12798907609667423527},
  pubid = {NhqRSupF_l8C},
}

@Article{18,
  title = {dataRetrieval: R packages for discovering and retrieving water data available from US federal hydrologic web services},
  author = {LA {De Cicco} and D Lorenz and RM Hirsch and W Watkins and JM Johnson},
  journal = {US Geological Survey, Reston, VA, https://doi. org/},
  number = {/10.5066/P9X4L3GE},
  cites = {107},
  year = {2018},
  cid = {18049335982466331207,6945196147921598007},
  pubid = {3s1wT3WcHBgC},
}

@Article{19,
  title = {National Water Center Innovators Program Summer Institute Report 2017},
  author = {JM Johnson and JM Coll and S Cohen and J Nelson and F Ogden and S Praskievicz and {...}},
  journal = {Consortium of Universities for the Advancement of Hydrologic Science, Inc.},
  cites = {3},
  year = {2017},
  cid = {845191630088845199},
  pubid = {zYLM7Y9cAGgC},
}

@Article{20,
  title = {Coupled infiltration and kinematic-wave runoff simulation in slopes: Implications for slope stability},
  author = {JM Johnson and H Lo{\a'a}iciga},
  journal = {Water},
  number = {9 (5), 327},
  cites = {8},
  year = {2017},
  cid = {13469052318229882476},
  pubid = {u5HHmVD_uO8C},
}
